@article{vakil2017rising,
  title={The rising sea: Foundations of algebraic geometry},
  author={Vakil, Ravi},
  journal={preprint},
NOTE = {url:
  \url{https://math.stanford.edu/~vakil/216blog/FOAGnov1817public.pdf}},
  year={2017}
}

@Book{vigneras1996representations,
 Author = {Vign{\'e}ras, Marie-France},
 Title = {{{\(l\)}}-modular representations of a {{\(p\)}}-adic reductive group with {{\(l \neq p\)}}.},
 FSeries = {Progress in Mathematics},
 Series = {Prog. Math.},
 ISSN={0743-1643},
 Volume = {137},
 ISBN={3-7643-3929-2},
 Year = {1996},
 Publisher = {Boston, MA: Birkh{\"a}user},
 Language = {English},
 Keywords = {22-02,22E50},
 zbMATH = {921901},
 Zbl = {0859.22001}
}

@Book{bushnell2006local,
 Author = {Bushnell, Colin J. and Henniart, Guy},
 Title = {The local {Langlands} conjecture for {{\(\text{GL}(2)\)}}.},
 FSeries = {Grundlehren der Mathematischen Wissenschaften},
 Series = {Grundlehren Math. Wiss.},
 ISSN = {0072-7830},
 Volume = {335},
 ISBN = {3-540-31486-5},
 Year = {2006},
 Publisher = {Berlin: Springer},
 Language = {English},
 Keywords = {11S37,22E50,11F70,11-02,22-02},
 zbMATH = {5044605},
 Zbl = {1100.11041}
}

@Article{dat2009finitude,
 Author = {Dat, Jean-Fran{\c{c}}ois},
 Title = {Finiteness of smooth representations of {{\(p\)}}-adic groups},
 FJournal = {Journal of the Institute of Mathematics of Jussieu},
 Journal = {J. Inst. Math. Jussieu},
 ISSN = {1474-7480},
 Volume = {8},
 Number = {2},
 Pages = {261--333},
 Year = {2009},
 Language = {French},
 DOI = {10.1017/S1474748008000054},
 Keywords = {22E50},
 zbMATH = {5532727},
 Zbl = {1158.22020}
}

@article{murfet2006abelian,
  title={Abelian categories},
  author={Murfet, Daniel},
  journal={Preprint},
  year={2006}
}

@article{bernsteindraft,
  title={Draft of: Representations of p-adic groups. {L}ectures at Harvard University},
  author={Bernstein, Joseph},
  journal={},
  NOTE = {url:
\url{http://www.math.tau.ac.il/~bernstei/Unpublished_texts/unpublished_texts/Bernstein93new-harv.lect.from-chic.pdf}},
  Year = 1992

}

@Book{kaletha2023bruhat,
 Author = {Kaletha, Tasho and Prasad, Gopal},
 Title = {Bruhat-{Tits} theory. {A} new approach},
 FSeries = {New Mathematical Monographs},
 Series = {New Math. Monogr.},
 Volume = {44},
 ISBN = {978-1-108-83196-3; 978-1-108-93304-9},
 Year = {2023},
 Publisher = {Cambridge: Cambridge University Press},
 Language = {English},
 DOI = {10.1017/9781108933049},
 Keywords = {20E42,20G25,11F70,22E50},
 zbMATH = {7609626}
}

@misc{rabinoff2003bruhat,
  title={The {B}ruhat-{T}its building of a $p$-adic {C}hevalley group and an application to representation theory},
  author={Rabinoff, Joseph},
  NOTE = {url:
  \url{https://citeseerx.ist.psu.edu/document?repid=rep1&type=pdf&doi=20a8858ebcb1f2c6c424f9699d241bfa1216302f}},
  year={2003}
}


@Article{michel1989bloc,
 Author = {Brou{\'e}, Michel and Michel, Jean},
 Title = {Blocs et s{\'e}ries de {Lusztig} dans un groupe r{\'e}ductif fini. ({Blocks} and {Lusztig} series in a finite reductive group)},
 FJournal = {Journal f{\"u}r die Reine und Angewandte Mathematik},
 Journal = {J. Reine Angew. Math.},
 ISSN = {0075-4102},
 Volume = {395},
 Pages = {56--67},
 Year = {1989},
 Language = {French},
 Keywords = {20G05,20G40,20C20},
 zbMATH = {4067216},
 Zbl = {0654.20048}
}

@Article{broue1990isometries,
 Author = {Brou{\'e}, Michel},
 Title = {Isom{\'e}tries de caract{\`e}res et {\'e}quivalences de {Morita} ou d{\'e}riv{\'e}es. ({Isometries} of characters and {Morita} or derived equivalences)},
 FJournal = {Publications Math{\'e}matiques},
 Journal = {Publ. Math., Inst. Hautes {\'E}tud. Sci.},
 ISSN = {0073-8301},
 Volume = {71},
 Pages = {45--63},
 Year = {1990},
 Language = {French},
 DOI = {10.1007/BF02699877},
 Keywords = {20C20,16D90,20C33,20C05,16S34,18E30,20C11},
 zbMATH = {4200460},
 Zbl = {0727.20005}
}



@Book{bonnafe2010representations,
 Author = {Bonnaf{\'e}, C{\'e}dric},
 Title = {Representations of {{\(\mathsf{SL}_2(\mathbb F_q)\)}}},
 ISBN = {978-0-85729-156-1; 978-1-4471-2599-0; 978-0-85729-157-8},
 Year = {2011},
 Publisher = {London: Springer},
 Language = {English},
 DOI = {10.1007/978-0-85729-157-8},
 Keywords = {22-02,22-01,22E50},
 zbMATH = {5806103},
 Zbl = {1203.22001}
}



@Article{deligne1976representations,
 Author = {Deligne, Pierre and Lusztig, G.},
 Title = {Representations of reductive groups over finite fields},
 FJournal = {Annals of Mathematics. Second Series},
 Journal = {Ann. Math. (2)},
 ISSN = {0003-486X},
 Volume = {103},
 Pages = {103--161},
 Year = {1976},
 Language = {English},
 DOI = {10.2307/1971021},
 Keywords = {20G05,20G40,14F20},
 URL = {semanticscholar.org/paper/49fce1282a9354cd6b9d387326782deb1a9f03c3},
 zbMATH = {3525396},
 Zbl = {0336.20029}
}

@Book{digne2020representations,
 Author = {Digne, Fran{\c{c}}ois and Michel, Jean},
 Title = {Representations of finite groups of {Lie} type},
 Edition = {2nd edition},
 FSeries = {London Mathematical Society Student Texts},
 Series = {Lond. Math. Soc. Stud. Texts},
 ISSN = {0963-1631},
 Volume = {95},
 ISBN = {978-1-108-48148-9; 978-1-108-72262-9; 978-1-108-67365-5},
 Year = {2020},
 Publisher = {Cambridge: Cambridge University Press},
 Language = {English},
 DOI = {10.1017/9781108673655},
 Keywords = {20-02,20-01,20G05,20C33},
 zbMATH = {7162757}
}

@Misc{carter1985finite,
 Author = {Carter, Roger W.},
 Title = {Finite groups of {Lie} type. {Conjugacy} classes and complex characters},
 Year = {1985},
 Language = {English},
 HowPublished = {Pure and {Applied} {Mathematics}. {A} {Wiley}-{Interscience} {Publication}. {Chichester}-{New} {York} etc.: {John} {Wiley} and {Sons}. {XII}, 544 p. {{\textsterling}} 42.50 (1985).},
 Keywords = {20G05,20-02,20G10,20G40,14L35,17B35},
 zbMATH = {3904833},
 Zbl = {0567.20023}
}

@article{fargues2021geometrization,
  title={Geometrization of the local {L}anglands correspondence},
  author={Fargues, Laurent and Scholze, Peter},
  journal={arXiv preprint arXiv:2102.13459},
  year={2021}
}

@Article{karpilovsky1983finite,
 Author = {Karpilovsky, G.},
 Title = {On finite generation of unit groups of commutative group rings},
 FJournal = {Archiv der Mathematik},
 Journal = {Arch. Math.},
 ISSN = {0003-889X},
 Volume = {40},
 Pages = {503--508},
 Year = {1983},
 Language = {English},
 DOI = {10.1007/BF01192817},
 Keywords = {16U60,16S34,16D70},
 zbMATH = {3785085},
 Zbl = {0498.16004}
}

@Article{helm2018converse,
 Author = {Helm, David and Moss, Gilbert},
 Title = {Converse theorems and the local {Langlands} correspondence in families},
 FJournal = {Inventiones Mathematicae},
 Journal = {Invent. Math.},
 ISSN = {0020-9910},
 Volume = {214},
 Number = {2},
 Pages = {999--1022},
 Year = {2018},
 Language = {English},
 DOI = {10.1007/s00222-018-0816-y},
 Keywords = {11F33,11F70,22E50},
 zbMATH = {6966663},
 Zbl = {1482.11073}
}

@article{alper2022notes,
  title={Notes on Stacks and Moduli},
  author={Alper, Jarod},
  year={2022}
}

@article{dhkm2020moduli,
  title={Moduli of {L}anglands parameters},
  author={Dat, Jean-Fran{\c{c}}ois and Helm, David and Kurinczuk, Robert and Moss, Gilbert},
  journal={arXiv preprint arXiv:2009.06708},
  year={2020}
}

@Article{hansen2022kottwitz,
 Author = {Hansen, David and Kaletha, Tasho and Weinstein, Jared},
 Title = {On the {Kottwitz} conjecture for local shtuka spaces},
 FJournal = {Forum of Mathematics, Pi},
 Journal = {Forum Math. Pi},
 ISSN = {2050-5086},
 Volume = {10},
 Pages = {79},
 Note = {Id/No e13},
 Year = {2022},
 Language = {English},
 DOI = {10.1017/fmp.2022.7},
 Keywords = {14G45,11S37},
 zbMATH = {7536459},
 Zbl = {1498.14066}
}

@article{dat2022ihes,
  title={Moduli spaces of local {L}anglands parameters},
  author={Dat, Jean-Fran{\c{c}}ois},
  NOTE = {url:
  \url{https://webusers.imj-prg.fr/~jean-francois.dat/recherche/publis/ihes.pdf}},
  year={2022}

}

@Article{debacker2009depth,
 Author = {DeBacker, Stephen and Reeder, Mark},
 Title = {Depth-zero supercuspidal {{\(L\)}}-packets and their stability},
 FJournal = {Annals of Mathematics. Second Series},
 Journal = {Ann. Math. (2)},
 ISSN = {0003-486X},
 Volume = {169},
 Number = {3},
 Pages = {795--901},
 Year = {2009},
 Language = {English},
 DOI = {10.4007/annals.2009.169.795},
 Keywords = {11S37,22E50,11F66},
 URL = {annals.math.princeton.edu/annals/2009/169-3/p03.xhtml},
 zbMATH = {5578757},
 Zbl = {1193.11111}
}


@InCollection{conrad2014reductive,
 Author = {Conrad, Brian},
 Title = {Reductive group schemes},
 BookTitle = {Autour des sch\'emas en groupes. \'Ecole d'\'Et\'e ``Sch\'emas en groupes''. Volume I},
 ISBN = {978-2-85629-794-0},
 Pages = {93--444},
 Year = {2014},
 Publisher = {Paris: Soci{\'e}t{\'e} Math{\'e}matique de France (SMF)},
 Language = {English},
 Keywords = {14L15,14A20},
 zbMATH = {6479627},
 Zbl = {1349.14151}
}


@Book{brochard2014autour,
 Author = {Brochard, Sylvain and Conrad, Brian and Oesterl{\'e}, Joseph},
 Title = {Autour des sch{\'e}mas en groupes. {\'E}cole d'{\'E}t{\'e} ``{Sch{\'e}mas} en groupes''. {Volume} {I}},
 FSeries = {Panoramas et Synth{\`e}ses},
 Series = {Panor. Synth.},
 ISSN = {1272-3835},
 Volume = {42-43},
 ISBN = {978-2-85629-794-0},
 Year = {2014},
 Publisher = {Paris: Soci{\'e}t{\'e} Math{\'e}matique de France (SMF)},
 Language = {English; French},
 Keywords = {14L15,14F20,00B25},
 zbMATH = {6391980},
 Zbl = {1308.14047}
}

@Article{edixhoven1992neron,
 Author = {Edixhoven, Bas},
 Title = {N{\'e}ron models and tame ramification},
 FJournal = {Compositio Mathematica},
 Journal = {Compos. Math.},
 ISSN = {0010-437X},
 Volume = {81},
 Number = {3},
 Pages = {291--306},
 Year = {1992},
 Language = {English},
 Keywords = {14K05,14K15,13F30},
 zbMATH = {32859},
 Zbl = {0759.14033}
}

@article{kaletha2019supercuspidal,
  title={Supercuspidal L-packets},
  author={Kaletha, Tasho},
  journal={arXiv preprint arXiv:1912.03274},
  year={2019}
}

@InCollection{vigneras1997propos,
 Author = {Vign{\'e}ras, Marie-France},
 Title = {On a modular {Langlands} conjecture},
 BookTitle = {Finite reductive groups: related structures and representations. Proceedings of an international conference, Luminy, France, October 1994},
 ISBN = {0-8176-3885-7; 978-1-4612-8664-6},
 Pages = {415--452},
 Year = {1997},
 Publisher = {Boston, MA: Birkh{\"a}user},
 Language = {French},
 Keywords = {11S37,11F70},
 zbMATH = {970056},
 Zbl = {0893.11048}
}

@article{zou2022categorical,
  title={The categorical form of {F}argues' conjecture for tori},
  author={Zou, Konrad},
  journal={arXiv preprint arXiv:2202.13238},
  year={2022}
}

@Article{helm2016whittaker,
 Author = {Helm, David},
 Title = {Whittaker models and the integral {Bernstein} center for {{\(\mathrm{GL}_n\)}}},
 FJournal = {Duke Mathematical Journal},
 Journal = {Duke Math. J.},
 ISSN = {0012-7094},
 Volume = {165},
 Number = {9},
 Pages = {1597--1628},
 Year = {2016},
 Language = {English},
 DOI = {10.1215/00127094-3450422},
 Keywords = {11F70,11F33,22E50,11S37},
 zbMATH = {6603538},
 Zbl = {1343.11053}
}

@MISC{stacks-project,
    mylabel = "SP",
    AUTHOR = "Stacks Project Authors, The",
    TITLE = "Stacks Project",
    NOTE = {url:
  \url{https://webusers.imj-prg.fr/~jean-francois.dat/recherche/publis/ihes.pdf}}
}


@article{bushnell2003generalized,
  title={Generalized {W}hittaker models and the Bernstein center},
  author={Bushnell, Colin J. and Henniart, Guy},
  journal={American journal of mathematics},
  volume={125},
  number={3},
  pages={513--547},
  year={2003},
  publisher={Johns Hopkins University Press}
}

@Article{bushnell2003generalized,
 Author = {Bushnell, Colin J. and Henniart, Guy},
 Title = {Generalized {Whittaker} models and the {Bernstein} center},
 FJournal = {American Journal of Mathematics},
 Journal = {Am. J. Math.},
 ISSN = {0002-9327},
 Volume = {125},
 Number = {3},
 Pages = {513--547},
 Year = {2003},
 Language = {English},
 DOI = {10.1353/ajm.2003.0015},
 Keywords = {11F70,22E50},
 zbMATH = {1940861},
 Zbl = {1031.11028}
}

@article{aizenbud2022strong,
  title={Strong density of spherical characters attached to unipotent subgroups},
  author={Aizenbud, Avraham and Bernstein, Joseph and Sayag, Eitan},
  journal={arXiv preprint arXiv:2202.04984},
  year={2022}
}

@Article{chan2019bernstein,
 Author = {Chan, Kei Yuen and Savin, Gordan},
 Title = {Bernstein-{Zelevinsky} derivatives: a {Hecke} algebra approach},
 FJournal = {IMRN. International Mathematics Research Notices},
 Journal = {Int. Math. Res. Not.},
 ISSN = {1073-7928},
 Volume = {2019},
 Number = {3},
 Pages = {731--760},
 Year = {2019},
 Language = {English},
 DOI = {10.1093/imrn/rnx138},
 Keywords = {20C08,22E50},
 zbMATH = {7130854},
 Zbl = {1476.20003}
}

@Book{jantzen2003representation,
 Author = {Jantzen, Jens Carsten},
 Title = {Representations of algebraic groups.},
 Edition = {2nd ed.},
 FSeries = {Mathematical Surveys and Monographs},
 Series = {Math. Surv. Monogr.},
 ISSN = {0076-5376},
 Volume = {107},
 ISBN = {0-8218-3527-0},
 Year = {2003},
 Publisher = {Providence, RI: American Mathematical Society (AMS)},
 Language = {English},
 Keywords = {20G05,20G10,20-01,14L15,17B10,14L17,20G15},
 zbMATH = {2019767},
 Zbl = {1034.20041}
}