@article{vakil2017rising,
  title={The rising sea: Foundations of algebraic geometry},
  author={Vakil, Ravi},
  journal={preprint},
  year={2017}
}

@Book{vigneras1996representations,
 Author = {Vign{\'e}ras, Marie-France},
 Title = {{{\(l\)}}-modular representations of a {{\(p\)}}-adic reductive group with {{\(l \neq p\)}}.},
 FSeries = {Progress in Mathematics},
 Series = {Prog. Math.},
 ISSN={0743-1643},
 Volume = {137},
 ISBN={3-7643-3929-2},
 Year = {1996},
 Publisher = {Boston, MA: Birkh{\"a}user},
 Language = {English},
 Keywords = {22-02,22E50},
 zbMATH = {921901},
 Zbl = {0859.22001}
}

@book{bushnell2006local,
  title={The local Langlands conjecture for {$\operatorname{GL}(2)$}},
  author={Bushnell, Colin J. and Henniart, Guy},
  volume={335},
  year={2006},
  publisher={Springer Science \& Business Media}
}


@Article{dat2009finitude,
 Author = {Dat, Jean-Fran{\c{c}}ois},
 Title = {Finiteness of smooth representations of {{\(p\)}}-adic groups},
 FJournal = {Journal of the Institute of Mathematics of Jussieu},
 Journal = {J. Inst. Math. Jussieu},
 ISSN = {1474-7480},
 Volume = {8},
 Number = {2},
 Pages = {261--333},
 Year = {2009},
 Language = {French},
 DOI = {10.1017/S1474748008000054},
 Keywords = {22E50},
 zbMATH = {5532727},
 Zbl = {1158.22020}
}

@article{murfet2006abelian,
  title={Abelian categories},
  author={Murfet, Daniel},
  journal={Preprint},
  year={2006}
}

@article{bernsteindraft,
  title={Draft of: Representations of p-adic groups. Lectures at Harvard University, Fall 1992},
  author={Bernstein, Joseph},
  journal={Notes by Karl E. Rumelhart}
}

@book{kaletha2023bruhat,
  title={Bruhat--Tits theory: a new approach},
  author={Kaletha, Tasho and Prasad, Gopal},
  volume={44},
  year={2023},
  publisher={Cambridge University Press}
}

@phdthesis{rabinoff2003bruhat,
  title={The Bruhat-Tits building of a p-adic Chevalley group and an application to representation theory},
  author={Rabinoff, Joseph},
  year={2003},
  school={Citeseer}
}

@article{michel1989bloc,
  title={Bloc et s{\'e}ries de Lusztig dans un groupe r{\'e}ductif fini.},
  author={Michel, Jean and Brou{\'e}, Michel},
  year={1989},
  publisher={Walter de Gruyter, Berlin/New York Berlin, New York}
}

@article{broue1990isometries,
  title={Isom{\'e}tries de caract{\`e}res et {\'e}quivalences de Morita ou d{\'e}riv{\'e}es},
  author={Brou{\'e}, Michel},
  journal={Publications Math{\'e}matiques de l'IH{\'E}S},
  volume={71},
  pages={45--63},
  year={1990}
}

@book{bonnafe2010representations,
  title={Representations of SL2 (Fq)},
  author={Bonnaf{\'e}, C{\'e}dric},
  volume={13},
  year={2010},
  publisher={Springer Science \& Business Media}
}

@article{deligne1976representations,
  title={Representations of reductive groups over finite fields},
  author={Deligne, Pierre and Lusztig, George},
  journal={Annals of Mathematics},
  volume={103},
  number={1},
  pages={103--161},
  year={1976},
  publisher={JSTOR}
}

@book{digne2020representations,
  title={Representations of finite groups of Lie type},
  author={Digne, Fran{\c{c}}ois and Michel, Jean},
  volume={95},
  year={2020},
  publisher={Cambridge University Press}
}

@article{carter1985finite,
  title={Finite groups of Lie type: Conjugacy classes and complex characters},
  author={Carter, Roger William},
  journal={Pure Appl. Math.},
  volume={44},
  year={1985}
}